<?xml version="1.0" encoding="UTF-8"?><record xmlns="http://www.loc.gov/MARC21/slim" xmlns:cinclude="http://apache.org/cocoon/include/1.0" xmlns:zs="http://www.loc.gov/zing/srw/">
  <leader>00285nz  a2200121n  4500</leader>
  <controlfield tag="001">nr 97039419 </controlfield>
  <controlfield tag="003">DLC</controlfield>
  <controlfield tag="005">19971106051931.9</controlfield>
  <controlfield tag="008">971104n| acannaab|          |n aaa     c</controlfield>
  <datafield tag="010" ind1=" " ind2=" ">
    <subfield code="a">nr 97039419 </subfield>
  </datafield>
  <datafield tag="040" ind1=" " ind2=" ">
    <subfield code="a">NIC</subfield>
    <subfield code="c">NIC</subfield>
  </datafield>
  <datafield tag="100" ind1="1" ind2="0">
    <subfield code="a">Just, Volker</subfield>
  </datafield>
  <datafield tag="670" ind1=" " ind2=" ">
    <subfield code="a">Der Turm, c1996:</subfield>
    <subfield code="b">t.p. (Volker Just)</subfield>
  </datafield>
</record>